1700 2200
180 139 50 54 A
254 138 223 70 Simple
507 139 140 54 PDF
677 139 113 55 File

201 267 50 20 This
262 267 17 20 is
296 272 6 15 a
312 267 62 20 small
385 267 173 20 demonstration
570 267 45 26 .pdf
622 267 34 20 file
666 279 7 2 -

199 333 44 26 just
251 333 33 20 for
293 338 42 15 use
345 333 18 20 in
373 333 37 20 the
420 333 76 20 Virtual
508 333 129 20 Mechanics
647 333 102 20 tutorials.
761 333 60 20 More
830 334 50 19 text.
890 333 47 20 And
949 338 60 15 more

200 367 50 19 text.
260 366 48 20 And
319 371 61 15 more
389 367 49 19 text.
449 366 47 20 And
508 371 60 15 more
577 367 50 19 text.
637 366 47 20 And
696 371 60 15 more
765 367 50 19 text.

200 433 47 20 And
259 438 60 15 more
328 434 50 19 text.
388 433 48 20 And
447 438 61 15 more
517 434 50 19 text.
577 433 47 20 And
636 438 60 15 more
705 434 50 19 text.
765 433 47 20 And
824 438 60 15 more
894 434 49 19 text.
954 433 47 20 And
1012 438 61 15 more

200 467 50 19 text.
260 466 48 20 And
319 471 61 15 more
389 467 49 19 text.
450 466 84 26 Boring,
545 472 74 14 zzzzz.
629 466 48 20 And
688 471 61 15 more
758 467 49 19 text.
818 466 47 20 And
877 471 60 15 more
946 467 50 19 text.
1006 466 47 20 And

202 504 60 15 more
271 500 50 19 text.
331 499 48 20 And
390 504 61 15 more
460 500 49 19 text.
520 499 47 20 And
579 504 60 15 more
648 500 50 19 text.
708 499 47 20 And
767 504 60 15 more
836 500 50 19 text.
896 499 48 20 And
955 504 61 15 more
1025 500 50 19 text.

200 532 47 20 And
259 537 60 15 more
328 533 50 19 text.
388 532 48 20 And
447 537 61 15 more
517 533 50 19 text.

200 599 47 20 And
259 604 60 15 more
328 600 50 19 text.
388 599 48 20 And
447 604 61 15 more
517 600 50 19 text.
577 599 47 20 And
636 604 60 15 more
705 600 50 19 text.
765 599 47 20 And
824 604 60 15 more
894 600 49 19 text.
954 599 47 20 And
1012 604 61 15 more

200 633 50 19 text.
260 632 48 20 And
319 637 61 15 more
389 633 49 19 text.
449 632 47 20 And
508 637 60 15 more
577 633 50 19 text.
639 632 59 20 Even
710 637 67 15 more.
788 632 123 20 Continued
922 637 28 15 on
961 637 59 21 page
1023 628 12 34 2
1055 649 18 3 ...

183 138 223 70 Simple
436 139 140 54 PDF
607 139 112 55 File
744 139 36 54 2

202 267 140 20 ...continued
351 267 54 20 from
416 272 59 21 page
487 267 18 20 1.
515 267 41 20 Yet
566 272 61 15 more
636 268 50 19 text.
696 267 47 20 And
755 272 60 15 more
824 268 50 19 text.
884 267 47 20 And
943 272 60 15 more
1012 268 50 19 text.

200 300 47 20 And
259 305 60 15 more
328 301 50 19 text.
388 300 48 20 And
447 305 61 15 more
517 301 50 19 text.
577 300 47 20 And
636 305 60 15 more
705 301 50 19 text.
765 300 47 20 And
824 305 60 15 more
894 301 49 19 text.
954 300 47 20 And
1012 305 61 15 more

200 334 50 19 text.
262 333 41 24 Oh,
315 333 48 20 how
373 333 74 26 boring
457 333 72 26 typing
538 333 42 20 this
590 333 57 20 stuff.
659 333 39 20 But
708 334 37 19 not
754 338 27 15 as
792 333 73 26 boring
876 338 27 15 as
912 333 108 26 watching

202 366 58 26 paint
269 366 43 26 dry.
322 366 47 20 And
381 371 60 15 more
450 367 50 19 text.
510 366 48 20 And
569 371 61 15 more
639 367 50 19 text.
699 366 47 20 And
758 371 60 15 more
827 367 50 19 text.
887 366 47 20 And
946 371 60 15 more
1016 367 49 19 text.

202 400 84 26 Boring.
306 400 66 24 More,
376 396 12 34 a
407 400 47 20 little
464 405 61 15 more
534 401 50 19 text.
594 400 46 20 The
650 400 51 24 end,
712 400 43 20 and
764 400 44 26 just
817 405 27 15 as
853 400 53 20 well.
